@book{weiss2010,
  author={Weiss, Sholom M. and Indurkhya, Nitin and Zhang, Tong},
  title={Fundamentals of Predictive Text Mining},
  year={2010},
  edition={1st},
  publisher={Springer-Verlag London},
  address={London, United Kingdom},
} 

@book{haupt2004,
  title={{Practical Genetic Algorithms}},
  author={Haupt, R.L. and Haupt, S.E.},
  series={Wiley InterScience Electronic Collection},
  year={2004},
  month={july},
  edition={2},
  publisher={John Wiley \& Sons, Inc.},
  address={New York, NY, USA},
}

@book{baeza2011,
  author={Baeza-Yates, Ricardo and Ribeiro-Neto, Berthier},
  title={Modern Information Retrieval},
  year={2008},
  edition={2nd},
  publisher={Addison-Wesley Publishing Company},
  address={USA},
}

@book{cohen1995,
  author={Cohen, Paul R.},
  title={Empirical Methods for Artificial Intelligence},
  year={1995},
  publisher={MIT Press},
  address={Cambridge, MA, USA},
} 

@book{arter2006,
  address={Nee York, USA},
  publisher={Pearson Education},
  title={Creating \& Recognizing Quality Rubrics},
  author={J. A. Arter and J. Chappuis},
  series={Assessment Training Institute, Inc Series},
  year={2006},
}

@book{page1968,
  title={{The Analysis of Essays by Computer. Final Report.}},
  author={Page, Ellis B and Paulus, Dieter H},
  month={april},
  year={1968},
  address={Washington, DC},
  publisher={Office of Education (DHEW)},
}

@book{romero2010,
  title={{Handbook of Educational Data Mining}},
  address={Boca Raton, FL},
  publisher={CRC Press},
  author={Cristobal Romero and Sebastian Ventura and Mykola Pechenizkiy and Ryan S. J. D. Baker},
  month={oct},
  year={2010},
}

@book{shermis2003,
  title={{Automated Essay Scoring: A Cross-disciplinary Perspective}},
  author={Shermis, M.D. and Burstein, J.C.},
  year={2003},
  edition={1},
  month={jan},
  address={New York, NY},
  publisher={Routledge},
}

@book{shermis2013,
  title={{Handbook of Automated Essay Evaluation: Current Applications and New Directions}},
  author={Shermis, M.D. and Burstein, J.C.},
  address={New York, NY},
  publisher={Routledge},
  edition={1},
  month={jul},
  year={2013},
}

@book{manning1999,
  title={Foundations of Statistical Natural Language Processing},
  author={Manning, Christopher D. and Sch{\" u}tze, Hinrich},
  year={1999},
  publisher={MIT Press},
  address={Cambridge, MA, USA},
} 

@book{goossens1994,
  author={Goossens, Michel and Mittelbach, Frank and Samarin, Alexander},
  title={The  Latex Companion},
  year={1994},
  edition={1st},
  publisher={Addison-Wesley Longman Publishing Co., Inc.},
  address={Boston, MA, USA},
} 

@inbook{alfonseca2004,
  title={{Automatic Assessment of Open Ended Questions with a Bleu-Inspired Algorithm and Shallow NLP}},
  author={Alfonseca, Enrique and P{\'e}rez, Diana},
  editor={Vicedo, Jos{\'e} Luis and Mart{\'i}nez-Barco, Patricio and Mu{\'{n}}oz, Rafael and Saiz Noeda, Maximiliano},
  booktitle={Advances in Natural Language Processing: 4th International Conference, EsTAL 2004, Alicante, Spain, October 20-22, 2004. Proceedings},
  year={2004},
  publisher={Springer Berlin Heidelberg},
  address={Berlin, Heidelberg},
  pages={25--35},
}

@inproceedings{bailey2008,
  title={{Diagnosing Meaning Errors in Short Answers to Reading Comprehension Questions}},
  author={Stacey Bailey and Detmar Meurers},
  booktitle={Proceedings of the 3rd Workshop on Innovative Use of NLP for Building Educational Applications, held at ACL 2008},
  address={Columbus, Ohio, USA},
  publisher={Association for Computational Linguistics},
  year={2008},
  pages={107--115}
}

@inproceedings{burstein1998,
  title={Automated Scoring Using a Hybrid Feature Identification Technique},
  author={Burstein, Jill and Kukich, Karen and Wolff, Susanne and Lu, Chi and Chodorow, Martin and Braden-Harder, Lisa and Harris, Mary Dee},
  booktitle={Proceedings of the 17th International Conference on Computational Linguistics - Volume 1},
  series={COLING '98},
  year={1998},
  location={Montreal, Quebec, Canada},
  pages={206--210},
  publisher={Association for Computational Linguistics},
  address={Stroudsburg, PA, USA},
} 

@inproceedings{algarni2014,
  author={A. Algarni and N. Tairan}, 
  title={{Feature Selection and Term Weighting}},
  booktitle={2014 IEEE/WIC/ACM International Joint Conferences on Web Intelligence (WI) and Intelligent Agent Technologies (IAT)}, 
  address={Warsaw, Poland},
  year={2014}, 
  volume={1},
  pages={336-339}, 
  month={Aug},
  publisher={IEEE Computer Society Press},
}

@inproceedings{how2004,
  author={Bong Chih How and K. Narayanan}, 
  booktitle={Web Intelligence, 2004. WI 2004. Proceedings. IEEE/WIC/ACM International Conference on}, 
  title={{An Empirical Study of Feature Selection for Text Categorization based on Term Weightage}}, 
  year={2004}, 
  pages={599-602},
  month={Sept},
  address={Beijing, China},
  publisher={IEEE Computer Society Press}
}

@inproceedings{levy2013,
  title={{Recognizing Partial Textual Entailment}},
  author={Levy, Omer and Zesch, Torsten and Dagan, Ido and Gurevych, Iryna},
  booktitle={Proceedings of the 51st Annual Meeting of the Association for Computational Linguistics},
  pages={451--455},
  year={2013},
  month={Aug},
  address={Sofia, Bulgaria},
  publisher={Association for Computational Linguistics (ACL)}
}

@inproceedings{oliveira2010,
  title={{Uma Tecnologia de Agrupamento de Respostas para Redu{\c c}{\~a}o de Esfor{\c c}o de Corre{\c c}{\~a}o de Atividades em Sistema Online de Apoio {\`a} Avalia{\c c}{\~a}o Formativa em Indexa{\c c}{\~a}o}},
  author={Oliveira, Elias and Fraga, N{\'a}dia E. B. and Oliveira, M{\'a}rcia G. and Marchesi, Rafael Z.},
  booktitle={XI Encontro Nacional de Pesquisa em Ci{\^e}ncia da Informa{\c c}{\~a}o},
  year={2010},
  month={oct},
  address={Rio de Janeiro, RJ, Brasil},
  publisher={Associa{\c c}{\~a}o Nacional de Pesquisa e P{\'o}s-Gradua{\c c}{\~a}o em Ci{\^e}ncia da Informa{\c c}{\~a}o (Ancib) }
}

@inproceedings{cutrone2011, 
  title={{Auto-Assessor: Computerized Assessment System for Marking Student's Short-Answers Automatically}}, 
  author={L. Cutrone and M. Chang and Kinshuk}, 
  booktitle={2011 IEEE International Conference on Technology for Education}, 
  year={2011}, 
  pages={81-88}, 
  month={July},
  publisher={IEEE Computer Society Press},
  address={Chennai, India},
}

@inproceedings{pulman2005,
  title={{Automatic Short Answer Marking}},
  author={Pulman, Stephen G. and Sukkarieh, Jana Z.},
  booktitle={Proceedings of the Second Workshop on Building Educational Applications Using NLP},
  series={EdAppsNLP 05},
  year={2005},
  location={Ann Arbor, Michigan},
  pages={9--16},
  numpages={8},
  publisher={Association for Computational Linguistics},
  address={Stroudsburg, PA, USA},
} 

@inproceedings{ishioka2004, 
  title={{Automated Japanese Essay Scoring System: Jess}},
  author={T. Ishioka and M. Kameda},
  booktitle={Proceedings. 15th International Workshop on Database and Expert Systems Applications, 2004.}, 
  year={2004}, 
  pages={4-8},
  month={Aug},
  address={Zaragoza, Spain},
  publisher={IEEE Computer Society Press}
}

@inproceedings{siemens2012,
  title={{Learning Analytics and Educational Data Mining: Towards Communication and Collaboration}},
  author={Siemens, George and Baker, Ryan S. J. d.},
  booktitle={Proceedings of the 2nd International Conference on Learning Analytics and Knowledge},
  series={LAK '12},
  year={2012},
  location={Vancouver, British Columbia, Canada},
  pages={252-254},
  numpages={3},
  publisher={ACM},
  address={New York, NY, USA},
} 

@inproceedings{gamage2016,
  title={{Evaluating Effectiveness of MOOCS Using Empirical Tools: Learners Perspective}},
  author={Gamage, D. and Perera, I. and Fernando, S.},
  series={10th International Technology, Education and Development Conference},
  booktitle={INTED2016 Proceedings},
  publisher={IATED},
  address={Valencia, Spain},
  month={7-9 March, 2016},
  pages={8276-8284},
  year={2016},
}


@inproceedings{sukkarieh2009,
  title={{Automating Model Building in C-rater}},
  author={Sukkarieh, Jana Z. and Stoyanchev, Svetlana},
  booktitle={Proceedings of the 2009 Workshop on Applied Textual Inference},
  series={TextInfer '09},
  year={2009},
  location={Suntec, Singapore},
  pages={61-69},
  numpages={9},
  publisher={Association for Computational Linguistics},
  address={Stroudsburg, PA},
} 

@inproceedings{mitchell2002,
  title={{Towards Robust Computerised Marking of Free-Text Responses}},
  author={Mitchell, Tom and Russell, Terry and Broomhead, Peter and Aldridge, Nicola},
  booktitle={Proceedings of the 6th CAA Conference},
  year={2002},
  pages={233-249},
  publisher={Loughborough University},
  address={Loughborough, England},
} 

@inproceedings{gutl2007,
  title={{e-Examiner: Towards a Fully-Automatic Knowledge Assessment Tool Applicable in Adaptive e-Learning Systems}},
  author={G{\"u}tl, Christian},
  booktitle={Proceedings of the 2nd International Conference on Interactive Mobile and Computer Aided Learning},
  year={2007},
  address={Amman, Jordan},
  pages={1-10},
  publisher={Princess Sumaya University for Technology (PSUT)},
}


@inproceedings{figueira2013, 
  author={Figueira, Azauri S. and Silva, Adriana G. and Melo, Bruno M. and Lino, Adriano D. P. and Lobato, Fabricio R. L. and Favero, Eloi L.}, 
  booktitle={2013 8th Iberian Conference on Information Systems and Technologies (CISTI)}, 
  title={{Module of Evaluation Automatic Essay Questions on Virtual Learning Environment LabSQL}}, 
  year={2013},
  pages={1-5},
  month={June},
  address={Lisboa, Portugal},
  publisher={Institute of Electrical and Electronics Engineers (IEEE)},
}

@inproceedings{spalenza2016TISE,
  title={{Constru{\c c}{\~a}o de Mapas de Caracter{\'i}sticas em Classes de Respostas Discursivas}},
  author={Spalenza, Marcos A. and Nogueira, Matheus A. and Oliveira, M{\'a}rcia G. and Oliveira, Elias},
  booktitle={XXI Congreso Internacional de Inform{\'a}tica Educativa (TISE)},
  year={2016},
  volume={21},
  address={Santiago, Chile},
  month={11},
  publisher={Centro de Computaci{\'o}n y Comunicaci{\'o}n para la Construcci{\'o}n del Conocimiento},
}

@inproceedings{bazelato2013,
  title={{A Bayesian Classifier to Automatic Correction of Portuguese Essays}},
  author={Bazelato, Bruno S. and Amorim, Evelin C. F.},
  booktitle={XVIII Congreso Internacional de Inform{\'a}tica Educativa (TISE)},
  year={2013},
  volume={18},
  address={Porto Alegre, Brazil},
  month={12},
  publisher={Centro de Computaci{\'o}n y Comunicaci{\'o}n para la Construcci{\'o}n del Conocimiento},
}

@inproceedings{spalenza2016SBIE,
  title={{Uso de Mapa de Caracter{\'i}sticas na Avalia{\c c}{\~a}o de Textos Curtos nos Ambientes Virtuais de Aprendizagem Classes de Respostas Discursivas}},
  author={Spalenza, Marcos A. and Nogueira, Matheus A. and Oliveira, M{\'a}rcia G. and Oliveira, Elias},
  booktitle={Simp{\'o}sio Brasileiro de Inform{\'a}tica na Educa{\c c}{\~a}o (SBIE)},
  year={2016},
  volume={27},
  address={Uberl{\^a}ndia, MG, Brasil},
  publisher={Sociedade Brasileira de Computa{\c c}{\~ a}o},
  month={10},
}

@inproceedings{passero2016,
  title={{Avalia{\c c}{\~a}o do Uso de M{\'e}todos Baseados em LSA e WordNet para Corre{\c c}{\~a}o de Quest{\~o}es Discursivas}},
  author={Passero, Guilherme and Filho, Aluizio H. and Dazzi, Rudimar L. S.},
  booktitle={Simp{\'o}sio Brasileiro de Inform{\'a}tica na Educa{\c c}{\~a}o (SBIE)},
  year={2016},
  volume={27},
  address={Uberl{\^a}ndia, MG, Brasil},
  publisher={Sociedade Brasileira de Computa{\c c}{\~ a}o},
  month={10},
}

@inproceedings{vilela2012,
  title={{SCATeDi: Sistema Inteligente para Avalia{\c c}{\~a}o de Desempenho Escolar em Avalia{\c c}{\~o}es Discursivas}},
  author={Vilela, Ricardo F. and Valle, Pedro H. D. and Muniz, Raphael J. and Lima, W{\^e}nder A. and Inoc{\^e}ncio, Ana C. G. and Junior, Paulo A. P.},
  booktitle={Workshop de Inform{\'a}tica na Escola (WIE)},
  year={2012},
  volume={18},
  address={Rio de Janeiro, RJ, Brasil},
  publisher={Sociedade Brasileira de Computa{\c c}{\~ a}o},
  month={9},
}

@inproceedings{jariosantos2015,
  title={{Avalia{\c c}{\~a}o Autom{\'a}tica de Atividades Escritas Baseada em Algoritmo Gen{\'e}tico e Processamento de Linguagem Natual: Avaliador Ortogr{\'a}fico-Gramatical}},
  author={J{\'u}nior, J{\'a}rio J. S. and Paiva, Ranilson and Bittencourt, Ig I.},
  booktitle={Anais dos Workshops do Congresso Brasileiro de Inform{\'a}tica na Educa{\c c}{\~a}o},
  year={2015},
  volume={4},
  address={Macei{\'o}, AL, Brasil},
  publisher={Sociedade Brasileira de Computa{\c c}{\~ a}o},
  month={9},
}

@inproceedings{pissinati2014,
  title={{Direcionando a Atua{\c c}{\~a}o do Professor Atrav{\'e}s de uma Ferramenta de Visualização}},
  author={Pissinati, Eduardo and Oliveira, M{\'a}rcia G. and Oliveira, Elias},
  booktitle={Escola de Computação Bahia-Alagoas-Sergipe (ERBASE)},
  year={2014},
  volume={14},
  address={Feira de Santana, BA, Brasil},
  publisher={Sociedade Brasileira de Computa{\c c}{\~ a}o},
  month={5},
}

@inproceedings{kulkarni2014,
  author={Kulkarni, Chinmay E. and Socher, Richard and Bernstein, Michael S. and Klemmer, Scott R.},
  title={{Scaling Short-Answer Grading by Combining Peer Assessment with Algorithmic Scoring}},
  booktitle={Proceedings of the First ACM Conference on Learning @ Scale Conference},
  series={L@S '14},
  year={2014},
  location={Atlanta, Georgia, USA},
  pages={99--108},
  numpages={10},
  publisher={ACM},
  address={New York, NY, USA},
} 

@inproceedings{paiva2012,
  title={{Minera{\c c}{\~a}o de Dados e a Gest{\~a}o Inteligente da Aprendizagem: Desafios e Direcionamentos}},
  author={Paiva, Ranilson and Bittencourt, Ig I. and Pacheco, Henrique and Silva, Alan P. and Jacques, Patr{\'i}cia and Isotani, Seiji},
  booktitle={I Workshop de Desafios da Computa{\c c}{\~a}o Aplicada {\'a} Educação (DesafIE!2012)},
  year={2012},
  volume={1},
  address={Curitiba, PR, Brasil},
  publisher={Sociedade Brasileira de Computa{\c c}{\~ a}o},
  month={7},
}

@inproceedings{joaosantos2012,
  title={{Avalia{\c c}{\~a}o do Uso de M{\'e}todos Baseados em LSA e WordNet para Corre{\c c}{\~a}o de Quest{\~o}es Discursivas}},
  author={Santos, Jo{\~a}o C. A. and  Ribeiro, T{\'a}cio and Favero, Eloi and Queiroz, Joaquim},
  booktitle={I Workshop de Desafios da Computa{\c c}{\~a}o Aplicada {\'a} Educa{\c c}{\~a}o (DesafIE!2012)},
  year={2012},
  volume={1},
  address={Curitiba, PR, Brasil},
  publisher={Sociedade Brasileira de Computa{\c c}{\~ a}o},
  month={7},
}

@inproceedings{oliveira2014,
  title={{Combining Clustering and Classification Approaches for Reducing the Effort of Automatic Tweets Classification}},
  author={Elias de Oliveira and Henrique Gomes Basoni and Marcos Rodrigues Sa{\'u}de and Patrick Marques Ciarelli},
  booktitle={Proceedings of the International Conference on Knowledge Discovery and Information Retrieval - Volume 1: KDIR, (IC3K 2014)},
  year={2014},
  address={Rome, Italy},
  publisher={ScitePress},
  pages={465-472},
}

@inproceedings{mohler2011,
  author={Mohler, Michael and Bunescu, Razvan and Mihalcea, Rada},
  title={{Learning to Grade Short Answer Questions Using Semantic Similarity Measures and Dependency Graph Alignments}},
  booktitle={Proceedings of the 49th Annual Meeting of the Association for Computational Linguistics: Human Language Technologies - Volume 1},
  series={HLT '11},
  year={2011},
  location={Portland, Oregon},
  pages={752--762},
  numpages={11},
  acmid={2002568},
  publisher={Association for Computational Linguistics},
  address={Stroudsburg, PA, USA},
} 

@inproceedings{mohler2009,
  title={Text-to-text Semantic Similarity for Automatic Short Answer Grading},
  author={Mohler, Michael and Mihalcea, Rada},
  booktitle={Proceedings of the 12th Conference of the European Chapter of the Association for Computational Linguistics},
  series={EACL '09},
  year={2009},
  location={Athens, Greece},
  pages={567--575},
  numpages={9},
  publisher={Association for Computational Linguistics},
  address={Stroudsburg, PA, USA},
} 
﻿
@inproceedings{foltz1999,
  author={ Peter W. Foltz and Darrell Laham and Thomas K Landauer},
  title={{Automated Essay Scoring: Applications to Educational Technology}},
  editor={ Betty Collis and Ron Oliver },
  booktitle={ Proceedings of EdMedia: World Conference on Educational Media and Technology 1999 },
  year={ 1999 },
  pages={ 939--944 },
  address={ Seattle, WA USA },
  publisher={ Association for the Advancement of Computing in Education (AACE) },
}

@inproceedings{kakkonen2005,
  title={Automatic Essay Grading with Probabilistic Latent Semantic Analysis},
  author={Kakkonen, Tuomo and Myller, Niko and Timonen, Jari and Sutinen, Erkki},
  booktitle={Proceedings of the Second Workshop on Building Educational Applications Using NLP},
  series={EdAppsNLP 05},
  year={2005},
  location={Ann Arbor, Michigan},
  pages={29--36},
  numpages={8},
  publisher={Association for Computational Linguistics},
  address={Stroudsburg, PA, USA},
} 

@inproceedings{gabrilovich2007,
  title={{Computing Semantic Relatedness Using Wikipedia-based Explicit Semantic Analysis}},
  author={Gabrilovich, Evgeniy and Markovitch, Shaul},
  booktitle={Proceedings of the 20th International Joint Conference on Artifical Intelligence},
  series={IJCAI'07},
  year={2007},
  location={Hyderabad, India},
  pages={1606--1611},
  numpages={6},
  publisher={Morgan Kaufmann Publishers Inc.},
  address={San Francisco, CA, USA},
} 

@article{joaosantos2015,
  title={{Practical Use of a Latent Semantic Analysis (LSA) Model for Automatic Evaluation of Written Answers}},
  author={Santos, Jo{\~a}o Carlos Alves and Favero, Eloi Luiz},
  journal={Journal of the Brazilian Computer Society},
  year={2015},
  volume={21},
  number={1},
  pages={21},
}

@article{rudner2002,
  title={{Automated Essay Scoring Using Bayes' Theorem}},
  author={Rudner, Lawrence M. and Liang, Tahung},
  journal={The Journal of Technology, Learning and Assessment},
  year={2002},
  volume={1},
  number={2},
  pages={22},
  publisher={eScholarship at Boston College},
}

@article{perez2005,
  title={{About the Effects of Combining Latent Semantic Analysis with Natural Language Processing Techniques for Free-Text Assessment}},
  journal={{Revista Signos}},
  author={P{\'e}rez, Diana AND Alfonseca, Enrique AND Rodr{\'i}guez, Pilar AND Gliozzo, Alfio AND Strapparava, Carlo AND Magnini, Bernardo},
  language={en},
  volume={38},
  year={2005},
  pages={325 - 343},
  publisher={SciELO},
}

@article {deerwester1990,
  author={Deerwester, Scott and Dumais, Susan T. and Furnas, George W. and Landauer, Thomas K. and Harshman, Richard},
  title={{Indexing by Latent Semantic Analysis}},
  journal={Journal of the American Society for Information Science},
  volume={41},
  number={6},
  year={1990},
  publisher={Wiley Subscription Services, Inc., A Wiley Company},
  pages={391--407},
}

@article{landauer1998,
  title={An Introduction to Latent Semantic Analysis},
  author={Landauer, Thomas K and Foltz, Peter W and Laham, Darrell},
  journal={Discourse Processes},
  volume={25},
  number={2-3},
  pages={259--284},
  year={1998},
  publisher={Taylor \& Francis}
}

@article{wang2008,
  title={{Assessing Creative Problem-Solving with Automated Text Grading}},
  author={Hao-Chuan Wang and Chun-Yen Chang and Tsai-Yen Li},
  journal={Computers \& Education},
  volume={51},
  number={4},
  pages={1450 - 1466},
  year={2008},
}

@article{conole2005,
  title={A Review of Computer-Assisted Assessment},
  author={Gr{\'a}inne Conole and Bill Warburton},
  journal={Research in Learning Technology},
  volume={13},
  number={1},
  year={2005},
  pages={17-31},
  publisher={Co-Action Publishing},
}

@article{burrows2015,
  title={{The Eras and Trends of Automatic Short Answer Grading}},
  author={Burrows, Steven and Gurevych, Iryna and Stein, Benno},
  journal={International Journal of Artificial Intelligence in Education},
  year={2015},
  volume={25},
  number={1},
  pages={60-117},
}

@article{siddiqi2010, 
  title={{Improving Teaching and Learning through Automated Short-Answer Marking}}, 
  author={R. Siddiqi and C. J. Harrison and R. Siddiqi}, 
  journal={IEEE Transactions on Learning Technologies}, 
  year={2010}, 
  volume={3}, 
  number={3}, 
  pages={237-249},
  month={July},
}

@article{wresch1993,
  title={{The Imminence Of Grading Essays by Computer: 25 Years Later}},
  author={William Wresch},  
  journal={Computers and Composition},
  volume={10},
  number={2},
  pages={45 - 58},
  year={1993},
}

@article{page1966,
  title={{The Imminence of... Grading Essays by Computer}},
  author={Ellis B. Page},
  journal={The Phi Delta Kappan},
  number={5},
  pages={238-243},
  publisher={Phi Delta Kappa International},
  volume={47},
  year={1966}
}

@article{salton1975,
  author={Salton, G. and Wong, A. and Yang, C. S.},
  title={A Vector Space Model for Automatic Indexing},
  journal={Commun. ACM},
  volume={18},
  number={11},
  month={nov},
  year={1975},
  pages={613--620},
  numpages={8},
  publisher={ACM},
  address={New York, NY, USA},
} 

@article{lima2006,
  title={{Um Estudo Sobre Funcionalidades Dos Softwares Educacionais Para Suporte A Aprendizagem De Matem{\'a}tica Do Ensino M{\'e}dio}},
  author={Lima, Joelene de Oliveira de AND Giraffa, L{\'u}cia Maria Martins}, 
  booktitle={II Reunião Regional da SBPC/RS},
  year={2006},
  address={Porto Alegre, RS},
  month={4},
  organization={Sociedade Brasileira para o Progresso da Ci{\^ e}ncia},
}

@article{barreira2006,
  title={{Avalia{\c c}{\~a}o Formativa: Novas Formas de Ensinar e Aprender}},
  author={Barreira, Carlos and Boavida, Jo{\~a}o and Ara{\'u}jo, Nuno},
  journal={Revista Portuguesa de Pedagogia},
  volume={40},
  number={3},
  year={2006},
  pages={95-133},
  publisher={Universidade de Coimbra},
}

@article{roy2016,
  title={{An Iterative Transfer Learning Based Ensemble Technique for Automatic Short Answer Grading}},
  author={Shourya Roy and Himanshu S. Bhatt and Y. Narahari},
  journal={The Computing Research Repository (CoRR)},
  volume={abs/1609.04909},
  year={2016},
  month={oct},
  publisher={dblp computer science bibliography}
}

@article{oliveira2005,
  title={{Compreens{\~a}o em Leitura e Avalia{\c c}{\~a}o da Aprendizagem em Universit{\'a}rios}},
  journal= {{Psicologia: Reflex{\~a}o e Cr{\'i}tica}},
  author={Oliveira, Katya L. de AND Santos, Ac{\'a}cia A. A.},
  language={pt},
  volume={18},
  year={2005},
  month={04},
  pages={118 - 124},
  publisher={SciELO},
}

@article{martens2016,
   title={{Nivelamento de Habilidades de Leitura e Escrita: Um Fazer Pedag{\'o}gico nas Escolas P{\'u}blicas de Ensino Integral Frente ao Fracasso Escolar}},
   journal={Constru{\c c}{\~a}o psicopedag{\'o}gica},
   author={Martens, Vera M{\'a}rcia},
   language={pt},
   volume={24},
   year={2016},
   pages={119-132},
   publisher={SciELO Peri{\'o}dicos Eletr{\^o}nicos de Psicologia (PePSIC)},
}

@article{rousseeuw1987,
  title={Silhouettes: A graphical aid to the interpretation and validation of cluster analysis},
  author={Peter J. Rousseeuw},
  journal={Journal of Computational and Applied Mathematics},
  volume={20},
  number={},
  pages={53 - 65},
  year={1987},
}

@article{bezerra2008,
   title={{Quest{\~o}es Discursivas para Avalia{\c c}{\~a}o Escolar}},
   journal={Acta Scientiarum Language and Culture},
   author={Bezerra, Maria Auxiliadora},
   language={pt},
   volume={30},
   year={2008},
   pages={149-157},
   publisher={Universidade Estadual de Maring{\'a}},
}

@article{zehner2016,
  author={Fabian Zehner and Christine S{\"a}lzer and Frank Goldhammer},
  title={Automatic Coding of Short Text Responses via Clustering in Educational Assessment},
  journal={Educational and Psychological Measurement},
  volume={76},
  number={2},
  pages={280-303},
  year={2016},
}

@article{perez2006,
  title={{Willow: Automatic and Adaptive Assessment of Students Free-Text Answers}},
  author={Perez-Mar{\'i}n, Diana and Alfonseca, Enrique and Rodr{\'i}guez, Pilar and Pascual-Nieto, Ismael},
  journal={Sociedade Espanhola de Processamento de Linguagem Natural(SEPLN)},
  volume={37},
  pages={367--368},
  year={2006}
}

@article{leffa2003,
  title={{An{\'a}lise Autom{\'a}tica da Resposta do Aluno em Ambiente Virtual}},
  journal={{Revista Brasileira de Lingu{\'i}stica Aplicada}},
  author={Leffa, Vilson J.},
  language={pt},
  volume={3},
  year={2003},
  month={00},
  pages={25 - 40},
  publisher={SciELO},
}

@article{assuncao2009,
   title={{Intensifica{\c c}{\~a}o do Trabalho e Sa{\'u}de dos Professores}},
   journal={{Educa{\c c}{\~a}o \& Sociedade}},
   author={Assun{\c c}{\~a}o, Ada {\'A}vila and Oliveira, Dalila Andrade},
   language={pt},
   volume={30},
   year={2009},
   month={08},
   pages={349 - 372},
   publisher={SciELO},
}

@article{raymer2000, 
  author={M. L. Raymer and W. F. Punch and E. D. Goodman and L. A. Kuhn and A. K. Jain}, 
  journal={IEEE Transactions on Evolutionary Computation}, 
  title={Dimensionality reduction using genetic algorithms}, 
  year={2000}, 
  volume={4}, 
  number={2}, 
  pages={164-171},
  month={Jul},
}

@mastersthesis{perezmarin2004-master,
  title={{Automatic Evaluation of User's Short Essays by Using Statistical and Shallow Natural Language Processing Techniques}},
  author={P{\'e}rez-Mar{\'i}n, Diana},
  address={Madrid, Spain},
  year={2004},
  school={Advanced Studies Diploma (Escuela Polit{\'e}cnica Superior, Universidad Aut{\'o}noma de Madrid)}
}

@mastersthesis{pissinati2014-master,
  title={{Uma Proposta de Corre{\c c}{\~a}o Semi-Autom{\'a}tica de Quest{\~o}es Discursivas e de Visualiza{\c c}{\~a}o de Atividades para Apoio {\`a} Atua{\c c}{\~a}o do Docente}},
  author={Pissinati, Eduardo  Marim},
  address={Vit{\'o}ria, ES},
  year={2014},
  month={Setembro},
  school={PPGI - Universidade Federal do Esp{\'i}rito Santo}
}

@misc{karypis2002,
  title={CLUTO-a clustering toolkit},
  author={Karypis, George},
  publisher={University of Minneapolis Dept. of Computer Science},
  address={Minneapolis, MN, USA},
  year={2002},
  howpublished={DTIC Document \url{http://oai.dtic.mil/oai/oai?verb=getRecord&metadataPrefix=html&identifier=ADA439508}}
}

@misc{datar2004,
  title={EGAL - Essay Grading and Analysis Logic},
  author={Datar, Ajit and Doddapaneni, Nagendra and Khanna, Sudip and Kodali, Varsha and Yadav, Archna},
  publisher={University of Minnesota Duluth},
  address={Duluth, MN, USA},
  year={2013},
  howpublished={\url{http://egal.sourceforge.net}},
}

@misc{conort2012,
  title={Short Answer Scoring: Explanation OF Gxav Solution},
  author={Conort, Xavier},
  year={2012},
  publisher={Kaggle},
  address={San Francisco, CA, USA},
  note={ASAP ’12 SAS Methodology Paper},
  howpublished={\url{http://github.com/Gxav73/Gxav\_Sol\_ASAP\_round2}},
}

@misc{zbontar2012,
  title={Short Answer Scoring by Stacking},
  author={Zbontar, Jure},
  year={2012},
  publisher={Kaggle},
  address={San Francisco, CA, USA},
  note={ASAP ’12 SAS Methodology Paper},
  howpublished={\url{http://bitbucket.org/jzbontar/asap}},
}
